02RETORNO01COBRANCA       16411000230863000000PREFEITURA MUNICIPAL DE BENEVI001BANCO DO BRASIL2405160000310                      000000314105555774  2623753                                                                                                                                                                                                                                              000001
9201001          000000000000000000000000000004          000000000000000000000000000000          000000000000000000000000000000          000000000000000000000000000000                                                  000000000000000000000000000000                                                                                                                                                   000002
