02RETORNO01COBRANCA       16411000230863000000PREFEITURA MUNICIPAL DE BENEVI001BANCO DO BRASIL0106160000315                      000000321105555774  2623753                                                                                                                                                                                                                                              000001
70000000000000000164110002308632623753                         2623753000000006270000005   01900000000000 1705010616                              000000000000000030000130740000206160000245000000000000000000000000000000000000000000000000000000000000000000000000000300000000000000000000000000000000000000000000000000005520000000000000          0000000000000000000000000000000000000000000000001006000002
9201001          000000000000000000000000000007          000000000000000000000000000000          000000000000000000000000000000          000000000000000000000000000000                                                  000000000000000000000000000000                                                                                                                                                   000003
