02RETORNO01COBRANCA       05673000487333000000PREF MUNIC DE VITORIA DO XINGU001BANCO DO BRASIL2312130000058                      000000066302875746  2576391                                                                                                                                                                                                                                              000001
70000000000000000056730004873332576391                         2576391000000117510000001   02700000000000 1806231213                              000000000000000386923710110002612130000530000000000000000000000000000000000000000000000000000000000000000000000000003869000000000000000000000000000000000000000000000000333920000000000000          0000000000000000000000000000000000000000000000000010000002
80000000000000000056730004873332576391                         2576391000000137410000001   02700000000000 1806231213                              000000000000017491900135270002612130000530000000000000000000000000000000000000000000000000000000000000000000000000174919000000000000000000000000000000000000000000000017438920000000000000          0000000000000000000000000000000000000000000000000001000003
9201001          000000000000000000000000000000          000000000000000000000000000000          000000000000000000000000000000          000000000000000000000000000000                                                  000000000000000000000000000000                                                                                                                                                   000004
